001  0000097
005  20180707122213.334
008  170614s||||     bl|||||||||||||||||por|u
020    $a9788565742061
040    $aPorto Alegre$bpor
080    $2299.6(=414/=45)$a1997
090    $a299.6(=414/=45)$bF387s$c2. ed.
100 1  $aFerretti, Sérgio Figueiredo
245 10 $aRepensando o sincretismo$cSérgio Figueiredo Ferretti
250    $a2 ed.
260    $aSão Paulo$bEdusp, Arché Editora$c2013
300    $a280 p.
650    $aReligião Afro-brasileira
650    $aCristianismo 
650    $aSincretismo
